@inproceedings{SLP-vect,
 author = {Larsen, Samuel and Amarasinghe, Saman},
 title = {Exploiting Superword Level Parallelism with Multimedia Instruction Sets},
 booktitle = {Proceedings of the ACM SIGPLAN 2000 Conference on Programming Language Design and Implementation},
 series = {PLDI '00},
 year = {2000},
 isbn = {1-58113-199-2},
 location = {Vancouver, British Columbia, Canada},
 pages = {145--156},
 numpages = {12},
 url = {http://doi.acm.org/10.1145/349299.349320},
 doi = {10.1145/349299.349320},
 acmid = {349320},
 publisher = {ACM},
 address = {New York, NY, USA},
} 


@article{Luporini,
 author = {Luporini, Fabio and Varbanescu, Ana Lucia and Rathgeber, Florian and Bercea, Gheorghe-Teodor and Ramanujam, J. and Ham, David A. and Kelly, Paul H. J.},
 title = {Cross-Loop Optimization of Arithmetic Intensity for Finite Element Local Assembly},
 journal = {ACM Trans. Archit. Code Optim.},
 issue_date = {January 2015},
 volume = {11},
 number = {4},
 month = jan,
 year = {2015},
 issn = {1544-3566},
 pages = {57:1--57:25},
 articleno = {57},
 numpages = {25},
 url = {http://doi.acm.org/10.1145/2687415},
 doi = {10.1145/2687415},
 acmid = {2687415},
 publisher = {ACM},
 address = {New York, NY, USA},
 keywords = {Finite element integration, SIMD vectorization, compilers, local assembly, optimizations},
} 

@article{quadrature1,
 author = {Olgaard, Kristian B. and Wells, Garth N.},
 title = {Optimizations for quadrature representations of finite element tensors through automated code generation},
 journal = {ACM Trans. Math. Softw.},
 issue_date = {January 2010},
 volume = {37},
 number = {1},
 month = jan,
 year = {2010},
 issn = {0098-3500},
 pages = {8:1--8:23},
 articleno = {8},
 numpages = {23},
 url = {http://doi.acm.org/10.1145/1644001.1644009},
 doi = {10.1145/1644001.1644009},
 acmid = {1644009},
 publisher = {ACM},
 address = {New York, NY, USA},
 keywords = {Finite element method, code generation}
} 

@inproceedings{pyop2isc,
  title = {Performance portable finite element assembly using {PyOP2} and
{FEniCS}},
  author = {G.~R. Markall and F. Rathgeber and L. Mitchell and N. Loriant and
C. Bertolli and D.~A. Ham and P.~H.~J.~ Kelly},
  booktitle = {Proceedings of the International Supercomputing Conference (ISC) '13},
  volume = {7905},
  series = {Lecture Notes in Computer Science},
  month = {June},
  year = {2013},
  note = {In press}
}

@manual{IACA,
	author = {{Intel Corporation}},
  title = {Intel architecture code analyzer (IACA)},
  note = {[Online]. Available: http://software.intel.com/en-us/articles/intel-architecture-code-analyzer/},
  year = {2012}, 
}

@unpublished{IstvanHydra,
title = {Acceleration of a Full-scale Industrial CFD Application with OP2},
author = {Istvan Z. Reguly and Gihan R. Mudalige and Carlo Bertolli and Michael B. Giles and Adam Betts and Paul H. J. Kelly and David Radford},
month = {March},
year = {2014},
note = {http://arxiv.org/abs/1403.7209v1}
}

@inproceedings{pyop2ws,
	title = {{PyOP2:} A High-Level Framework for Performance-Portable Simulations on Unstructured Meshes},
	isbn = {978-1-4673-6218-4},
	shorttitle = {{PyOP2}},
	doi = {10.1109/SC.Companion.2012.134},
	booktitle = {High Performance Computing, Networking, Storage and Analysis ({SCC)}, 2012 {SC} Companion:},
	author = {Rathgeber, Florian and Markall, Graham R. and Mitchell, Lawrence and Loriant, Nicolas and Ham, David A. and Bertolli, Carlo and Kelly, Paul {H.J.}},
	year = {2012},
	keywords = {code generation, domain-specific languages, finite-element methods, generative metaprogramming, high-level frameworks, just-in-time compilation, performance portability},
	pages = {1116--1123}
}

@INPROCEEDINGS{Spampinato:14,
AUTHOR = {Daniele G. Spampinato and Markus P{\"u}schel},
TITLE = {A Basic Linear Algebra Compiler},
BOOKTITLE = {International Symposium on Code Generation and Optimization (CGO)},
YEAR = {2014}
}

@ARTICLE{Pueschel:05,
AUTHOR = {Markus P{\"u}schel and Jos{\'e} M. F. Moura and Jeremy Johnson and David Padua and Manuela Veloso and Bryan Singer and Jianxin Xiong and Franz Franchetti and Aca Gacic and Yevgen Voronenko and Kang Chen and Robert W. Johnson and Nicholas Rizzolo},
TITLE = {{SPIRAL}: Code Generation for {DSP} Transforms},
JOURNAL = {Proceedings of the IEEE, special issue on ``Program Generation, Optimization, and Adaptation''},
VOLUME = {93},
NUMBER = {2},
PAGES = {232-- 275},
YEAR = {2005}
}

@article{assembly-opencl,
 author = {Kruel, Filip and Bana, Krzysztof},
 title = {Vectorized OpenCL Implementation of Numerical Integration for Higher Order Finite Elements},
 journal = {Comput. Math. Appl.},
 issue_date = {December, 2013},
 volume = {66},
 number = {10},
 month = dec,
 year = {2013},
 issn = {0898-1221},
 pages = {2030--2044},
 numpages = {15},
 url = {http://dx.doi.org/10.1016/j.camwa.2013.08.026},
 doi = {10.1016/j.camwa.2013.08.026},
 acmid = {2542945},
 publisher = {Pergamon Press, Inc.},
 address = {Tarrytown, NY, USA},
 keywords = {Finite elements, Higher order approximation, Numerical integration, OpenCL, PowerXCell processor, Vectorization},
} 

@article{Kirby-FEM-opt,
 author = {Kirby, Robert C. and Knepley, Matthew and Logg, Anders and Scott, L. Ridgway},
 title = {Optimizing the Evaluation of Finite Element Matrices},
 journal = {SIAM J. Sci. Comput.},
 issue_date = {2005},
 volume = {27},
 number = {3},
 month = oct,
 year = {2005},
 issn = {1064-8275},
 pages = {741--758},
 numpages = {18},
 url = {http://dx.doi.org/10.1137/040607824},
 doi = {10.1137/040607824},
 acmid = {1103487},
 publisher = {Society for Industrial and Applied Mathematics},
 address = {Philadelphia, PA, USA},
 keywords = {compiler, finite element, variational form},
} 

@article{petsc-integration-gpu,
 author = {Knepley, Matthew G. and Terrel, Andy R.},
 title = {Finite Element Integration on GPUs},
 journal = {ACM Trans. Math. Softw.},
 issue_date = {February 2013},
 volume = {39},
 number = {2},
 month = feb,
 year = {2013},
 issn = {0098-3500},
 pages = {10:1--10:13},
 articleno = {10},
 numpages = {13},
 url = {http://doi.acm.org/10.1145/2427023.2427027},
 doi = {10.1145/2427023.2427027},
 acmid = {2427027},
 publisher = {ACM},
 address = {New York, NY, USA},
 keywords = {Finite element integration, GPGPUs},
} 

@article{Markall20101815,
title = "Towards generating optimised finite element solvers for \{GPUs\} from high-level specifications ",
journal = "Procedia Computer Science ",
volume = "1",
number = "1",
pages = "1815 - 1823",
year = "2010",
note = "\{ICCS\} 2010 ",
issn = "1877-0509",
doi = "http://dx.doi.org/10.1016/j.procs.2010.04.203",
url = "http://www.sciencedirect.com/science/article/pii/S1877050910002048",
author = "Graham R. Markall and David A. Ham and Paul H.J. Kelly",
keywords = "Finite element method",
keywords = "\{GPU\} "
}

@inproceedings{SLP,
 author = {Larsen, Samuel and Amarasinghe, Saman},
 title = {Exploiting Superword Level Parallelism with Multimedia Instruction Sets},
 booktitle = {Proceedings of the ACM SIGPLAN 2000 Conference on Programming Language Design and Implementation},
 series = {PLDI '00},
 year = {2000},
 isbn = {1-58113-199-2},
 location = {Vancouver, British Columbia, Canada},
 pages = {145--156},
 numpages = {12},
 url = {http://doi.acm.org/10.1145/349299.349320},
 doi = {10.1145/349299.349320},
 acmid = {349320},
 publisher = {ACM},
 address = {New York, NY, USA},
} 

@inproceedings{inter-kernel-vect,
 author = {Reguly, I. Z. and L\'{a}szl\'{o}, E. and Mudalige, G. R. and Giles, M. B.},
 title = {Vectorizing Unstructured Mesh Computations for Many-core Architectures},
 booktitle = {Proceedings of Programming Models and Applications on Multicores and Manycores},
 series = {PMAM'14},
 year = {2007},
 isbn = {978-1-4503-2657-5},
 location = {Orlando, FL, USA},
 pages = {39:39--39:50},
 articleno = {39},
 numpages = {12},
 url = {http://doi.acm.org/10.1145/2560683.2560686},
 doi = {10.1145/2560683.2560686},
 acmid = {2560686},
 publisher = {ACM},
 address = {New York, NY, USA},
 keywords = {AVX, CUDA, Domain Specific Library, OP2, Unstructured Grid, Vectorization, Xeon Phi},
} 

@inproceedings{nek5000,
 author = {Shin, Jaewook and Hall, Mary W. and Chame, Jacqueline and Chen, Chun and Fischer, Paul F. and Hovland, Paul D.},
 title = {Speeding Up Nek5000 with Autotuning and Specialization},
 booktitle = {Proceedings of the 24th ACM International Conference on Supercomputing},
 series = {ICS '10},
 year = {2010},
 isbn = {978-1-4503-0018-6},
 location = {Tsukuba, Ibaraki, Japan},
 pages = {253--262},
 numpages = {10},
 url = {http://doi.acm.org/10.1145/1810085.1810120},
 doi = {10.1145/1810085.1810120},
 acmid = {1810120},
 publisher = {ACM},
 address = {New York, NY, USA},
 keywords = {autotuning, empirical performance tuning, specialization},
} 

@MANUAL{fluidity_manual_v4,
 author = {AMCG},
 title = {Fluidity Manual},
 organization = {Applied Modelling and Computation Group},
 address = {Department of Earth Science and Engineering, South Kensington Campus, Imperial College London, London, SW7 2AZ, UK},
 edition = {Version 4.0-release},
 month = {November},
 year = {2010},
 note = "available at \url{http://hdl.handle.net/10044/1/7086 }"
}

@article{Klockner,
 author = {Kl\"{o}ckner, A. and Warburton, T. and Bridge, J. and Hesthaven, J. S.},
 title = {Nodal Discontinuous Galerkin Methods on Graphics Processors},
 journal = {J. Comput. Phys.},
 issue_date = {November, 2009},
 volume = {228},
 number = {21},
 month = nov,
 year = {2009},
 issn = {0021-9991},
 pages = {7863--7882},
 numpages = {20},
 url = {http://dx.doi.org/10.1016/j.jcp.2009.06.041},
 doi = {10.1016/j.jcp.2009.06.041},
 acmid = {1613429},
 publisher = {Academic Press Professional, Inc.},
 address = {San Diego, CA, USA},
 keywords = {Discontinuous Galerkin, GPU, High order, Many-core, Maxwell's equations, Parallel computation},
} 

@article{Bana,
 author = {Bana, Krzysztof and Plaszewski, Przemyslaw and Maciol, Pawel},
 title = {Numerical Integration on GPUs for Higher Order Finite Elements},
 journal = {Comput. Math. Appl.},
 issue_date = {April, 2014},
 volume = {67},
 number = {6},
 month = apr,
 year = {2014},
 issn = {0898-1221},
 pages = {1319--1344},
 numpages = {26},
 url = {http://dx.doi.org/10.1016/j.camwa.2014.01.021},
 doi = {10.1016/j.camwa.2014.01.021},
 acmid = {2592607},
 publisher = {Pergamon Press, Inc.},
 address = {Tarrytown, NY, USA},
 keywords = {Finite element method, GPU, Graphics processors, Higher order approximation, Numerical integration, OpenCL},
} 

@article{SPENCER,
 author = {Vos, Peter E. J. and Sherwin, Spencer J. and Kirby, Robert M.},
 title = {From H to P Efficiently: Implementing Finite and Spectral/Hp Element Methods to Achieve Optimal Performance for Low- and High-order Discretisations},
 journal = {J. Comput. Phys.},
 issue_date = {July, 2010},
 volume = {229},
 number = {13},
 month = jul,
 year = {2010},
 issn = {0021-9991},
 pages = {5161--5181},
 numpages = {21},
 url = {http://dx.doi.org/10.1016/j.jcp.2010.03.031},
 doi = {10.1016/j.jcp.2010.03.031},
 acmid = {1787099},
 publisher = {Academic Press Professional, Inc.},
 address = {San Diego, CA, USA},
 keywords = {Elliptic problems, Implementation, Spectral/hp element method},
} 

@Article{Francis,
  author =       "Francis P. Russell and Paul H. J. Kelly",
  title =        "Optimized Code Generation for Finite Element
                  Local Assembly Using Symbolic Manipulation",
  year = "2013",
  journal =      "{ACM} Transactions on Mathematical Software",
  volume =       "39",
  number =       "4",
  accepted =     "28 February 2013",
  upcoming =     "true", 
}

@article{FEM3,
   title={PyOP2: A High-Level Framework for Performance Portable Simulations on Unstructured Meshes},
   author={Florian Rathgeber},
   year={2012}
}

@book{Fenics,
  title = {Automated Solution of Differential Equations by the Finite Element Method},
  author = {Anders Logg and Kent-Andre Mardal and Garth N. Wells and others},
  year = {2012},
  publisher = {Springer},
  doi = {10.1007/978-3-642-23099-8},
  isbn = {978-3-642-23098-1}
}

@ARTICLE{UFL,
  title = {{U}nified {F}orm {L}anguage: {A} domain-specific language
              for weak formulations of partial differential equations},
  author = {M. S. Aln{\ae}s and A. Logg and K. B. {\O}lgaard
              and M. E. Rognes and G. N. Wells},
  year = {2014},
  journal = {ACM Trans Math Software},
  volume = {40},
  number = {2},
  pages = {9:1--9:37},
  articleno = {9},
  num[ages = {37},
  arxiv = {1211.4047},
  doi = {10.1145/2566630},
  url = {http://dx.doi.org/10.1145/2566630},
}

@misc{firedrake-code,
  author = {{Firedrake contributors}},
  title = {{The Firedrake Project}},
  howpublished = "\url{http://www.firedrakeproject.org}",
  year = {2014}, 
}

@misc{Uflacs,
  author = {Martin Sandve Aln{\ae}s},
  title = {UFLACS - UFL Analyser and Compiler System},
  howpublished = "\url{https://bitbucket.org/fenics-project/uflacs}",
  year = {2015}, 
}

@misc{ufl-code,
  title = {{UFL-forms}},
  howpublished = "\url{https://github.com/firedrakeproject/firedrake-bench/blob/experiments/forms/firedrake_forms.py}",
  year = {2015}
}


@inproceedings{PLUTO,
 author = {Bondhugula, Uday and Hartono, Albert and Ramanujam, J. and Sadayappan, P.},
 title = {A Practical Automatic Polyhedral Parallelizer and Locality Optimizer},
 booktitle = {Proceedings of the 2008 ACM SIGPLAN Conference on Programming Language Design and Implementation},
 series = {PLDI '08},
 year = {2008},
 isbn = {978-1-59593-860-2},
 location = {Tucson, AZ, USA},
 pages = {101--113},
 numpages = {13},
 url = {http://doi.acm.org/10.1145/1375581.1375595},
 doi = {10.1145/1375581.1375595},
 acmid = {1375595},
 publisher = {ACM},
 address = {New York, NY, USA},
 keywords = {affine transformations, automatic parallelization, locality optimization, loop transformations, polyhedral model, tiling},
} 

@article{FFC-TC,
 author = {Kirby, Robert C. and Logg, Anders},
 title = {A Compiler for Variational Forms},
 journal = {ACM Trans. Math. Softw.},
 issue_date = {September 2006},
 volume = {32},
 number = {3},
 month = sep,
 year = {2006},
 issn = {0098-3500},
 pages = {417--444},
 numpages = {28},
 url = {http://doi.acm.org/10.1145/1163641.1163644},
 doi = {10.1145/1163641.1163644},
 acmid = {1163644},
 publisher = {ACM},
 address = {New York, NY, USA},
 keywords = {Variational form, automation, compiler, finite element},
} 




@inproceedings{Rossinelli2013,
 author = {Rossinelli, Diego and Hejazialhosseini, Babak and Hadjidoukas, Panagiotis and Bekas, Costas and Curioni, Alessandro and Bertsch, Adam and Futral, Scott and Schmidt, Steffen J. and Adams, Nikolaus A. and Koumoutsakos, Petros},
 title = {11 PFLOP/s Simulations of Cloud Cavitation Collapse},
 booktitle = {Proceedings of the International Conference on High Performance Computing, Networking, Storage and Analysis},
 series = {SC '13},
 year = {2013},
 isbn = {978-1-4503-2378-9},
 location = {Denver, Colorado},
 pages = {3:1--3:13},
 articleno = {3},
 numpages = {13},
 url = {http://doi.acm.org/10.1145/2503210.2504565},
 doi = {10.1145/2503210.2504565},
 acmid = {2504565},
 publisher = {ACM},
 address = {New York, NY, USA},
} 

@article{Kirby:TC,
 author = {Kirby, Robert C. and Logg, Anders},
 title = {Efficient Compilation of a Class of Variational Forms},
 journal = {ACM Trans. Math. Softw.},
 issue_date = {August 2007},
 volume = {33},
 number = {3},
 month = aug,
 year = {2007},
 issn = {0098-3500},
 articleno = {17},
 url = {http://doi.acm.org/10.1145/1268769.1268771},
 doi = {10.1145/1268769.1268771},
 acmid = {1268771},
 publisher = {ACM},
 address = {New York, NY, USA},
 keywords = {BLAS, automation, compiler, finite element, granularity, loop hoisting, monomials, variational form},
} 